<?xml version="1.0" encoding="UTF-8"?><collection xmlns="http://www.loc.gov/MARC21/slim"><record><leader>00508nam--2200181-i-4500</leader><controlfield tag="001">000001966</controlfield><controlfield tag="002">20161230</controlfield><controlfield tag="005">20161230201024</controlfield><controlfield tag="008">060222s1000------------r-----000-0-eng-d</controlfield><datafield ind1=" " ind2=" " tag="040"><subfield code="a">IFIN-HH</subfield></datafield><datafield ind1=" " ind2=" " tag="080"><subfield code="a">51(038)</subfield></datafield><datafield ind1="1" ind2=" " tag="100"><subfield code="a">James, Glenn</subfield></datafield><datafield ind1="1" ind2="0" tag="245"><subfield code="a">Mathematics dictionary</subfield><subfield code="b">Multilingual edition</subfield><subfield code="c">Glenn james, robert c. james (eds.)</subfield></datafield><datafield ind1=" " ind2=" " tag="260"><subfield code="a">Princenton, New Jersey</subfield><subfield code="b">D.Van Nostrand</subfield><subfield code="c">1959</subfield></datafield><datafield ind1=" " ind2=" " tag="300"><subfield code="a">546 P</subfield></datafield><datafield ind1="1" ind2=" " tag="700"><subfield code="a">James, Robert C</subfield><subfield code="e">Ed</subfield></datafield><datafield ind1=" " ind2=" " tag="852"><subfield code="a">D.187</subfield><subfield code="c">SLG</subfield></datafield><datafield ind1=" " ind2=" " tag="CAT"><subfield code="a">Sys</subfield><subfield code="c">20130207</subfield><subfield code="h">153223</subfield></datafield></record></collection>